@book{Kirillov08,
	publisher = {Cambridge University Press},
	author = {Kirillov, Alexander A.},
	title = {An introduction to Lie groups and Lie algebras},
	volume = {113},
	year = {2008},
}


